<?xml version='1.0' encoding='UTF-8'?>
<record xmlns="http://www.loc.gov/MARC21/slim">
  <leader>01136cam a2200253 a 4500</leader>
  <controlfield tag="001">887431</controlfield>
  <controlfield tag="003">NjP</controlfield>
  <controlfield tag="005">20170905104947.0</controlfield>
  <controlfield tag="008">940520m19759999ir       b    00010 ara d</controlfield>
  <datafield tag="024" ind1="7" ind2=" ">
    <subfield code="a">princeton_aco001558</subfield>
    <subfield code="2">local</subfield>
  </datafield>
  <datafield ind1=" " ind2=" " tag="035">
    <subfield code="a">(OCoLC)30526191</subfield>
  </datafield>
  <datafield ind1=" " ind2=" " tag="035">
    <subfield code="a">(CStRLIN)NJPG94-B29671</subfield>
  </datafield>
  <datafield ind1=" " ind2=" " tag="035">
    <subfield code="9">CBD4893TS</subfield>
  </datafield>
  <datafield ind1=" " ind2=" " tag="035">
    <subfield code="a">887431</subfield>
  </datafield>
  <datafield ind1=" " ind2=" " tag="040">
    <subfield code="a">NjP</subfield>
    <subfield code="c">NjP</subfield>
  </datafield>
  <datafield ind1="1" ind2=" " tag="100">
    <subfield code="a">Māzandarānī, Mūsá ibn Mahdī al-Ḥusaynī,</subfield>
    <subfield code="d">1906 or 7.</subfield>
  </datafield>
  <datafield ind1="1" ind2="4" tag="245">
    <subfield code="a">al-ʻIqd al-munīr fī mā yataʻallaqu bi-al-darāhim wa-al-danānīr :</subfield>
    <subfield code="b">qism al-aḥkām /</subfield>
    <subfield code="c">taʾlīf Mūsá al-Ḥusaynī al-Māzandarānī.</subfield>
  </datafield>
  <datafield ind1=" " ind2=" " tag="260">
    <subfield code="a">[Iran :</subfield>
    <subfield code="b">s.n.],</subfield>
    <subfield code="c">1395- [1975 or 1976- ]</subfield>
    <subfield code="e">([Iran] :</subfield>
    <subfield code="f">al-Maṭbaʻah al-Ḥaydarīyah)</subfield>
  </datafield>
  <datafield ind1=" " ind2=" " tag="300">
    <subfield code="a">v. ;</subfield>
    <subfield code="c">25 cm.</subfield>
  </datafield>
  <datafield ind1=" " ind2=" " tag="504">
    <subfield code="a">Includes bibliographical references.</subfield>
  </datafield>
  <datafield ind1=" " ind2="0" tag="650">
    <subfield code="a">Islamic coins.</subfield>
    <subfield code="0">http://id.loc.gov/authorities/subjects/sh85027837</subfield>
  </datafield>
  <datafield ind1=" " ind2="0" tag="650">
    <subfield code="a">Islamic numismatics.</subfield>
    <subfield code="0">http://id.loc.gov/authorities/subjects/sh85093263</subfield>
  </datafield>
  <datafield ind1=" " ind2="0" tag="650">
    <subfield code="a">Islamic law</subfield>
    <subfield code="x">Interpretation and construction.</subfield>
    <subfield code="0">http://id.loc.gov/authorities/subjects/sh85068455</subfield>
  </datafield>
  <datafield ind1=" " ind2=" " tag="998">
    <subfield code="a">10/11/94</subfield>
    <subfield code="s">9114</subfield>
    <subfield code="n">NjP</subfield>
    <subfield code="w">NJPG94B29671</subfield>
    <subfield code="d">05/20/94</subfield>
    <subfield code="c">KC</subfield>
    <subfield code="b">KE</subfield>
    <subfield code="i">941011</subfield>
    <subfield code="l">NJPG</subfield>
  </datafield>
  <datafield ind1=" " ind2=" " tag="911">
    <subfield code="a">19941020</subfield>
  </datafield>
  <datafield ind1=" " ind2=" " tag="912">
    <subfield code="a">19941011000000.0</subfield>
  </datafield>
  <datafield ind1="8" ind2="1" tag="852">
    <subfield code="0">1013958</subfield>
    <subfield code="b">nec</subfield>
    <subfield code="t">1</subfield>
    <subfield code="h">KBL</subfield>
    <subfield code="i">.M3956 1975</subfield>
  </datafield>
  <datafield ind1=" " ind2="0" tag="866">
    <subfield code="0">1013958</subfield>
    <subfield code="8">0</subfield>
    <subfield code="a">juzʼ 1-4</subfield>
  </datafield>
  <datafield ind1=" " ind2=" " tag="959">
    <subfield code="a">2000-06-13 00:00:00 -0400</subfield>
  </datafield>
</record>
